<record><leader>00000cas a2200000 a 4500</leader><controlfield tag="001">37826517</controlfield><controlfield tag="008">971022d19711977oruwr ne      0    0eng c</controlfield><datafield ind1=" " ind2=" " tag="010"><subfield code="a">sn 96088174 </subfield></datafield><datafield ind1=" " ind2=" " tag="040"><subfield code="a">OCN</subfield><subfield code="b">eng</subfield><subfield code="c">OCN</subfield><subfield code="d">OCLCQ</subfield><subfield code="d">OCLCF</subfield><subfield code="d">OCLCO</subfield></datafield><datafield ind1="1" ind2=" " tag="029"><subfield code="a">AU@</subfield><subfield code="b">000013537680</subfield></datafield><datafield ind1=" " ind2=" " tag="042"><subfield code="a">pcc</subfield></datafield><datafield ind1=" " ind2=" " tag="043"><subfield code="a">n-us-or</subfield></datafield><datafield ind1="0" ind2=" " tag="130"><subfield code="a">Valley news (Eugene, Or.)</subfield></datafield><datafield ind1="1" ind2="4" tag="245"><subfield code="a">The valley news.</subfield></datafield><datafield ind1="3" ind2=" " tag="246"><subfield code="a">Reminder valley news</subfield></datafield><datafield ind1=" " ind2=" " tag="260"><subfield code="a">Eugene, Or. :</subfield><subfield code="b">Reminder Pub. Co.,</subfield><subfield code="c">1971-1977.</subfield></datafield><datafield ind1=" " ind2=" " tag="300"><subfield code="a">v.</subfield></datafield><datafield ind1=" " ind2=" " tag="310"><subfield code="a">Weekly</subfield></datafield><datafield ind1="0" ind2=" " tag="362"><subfield code="a">Vol. 7, no. 1 (July 8, 1971)-v. 13, no. 3 (Sept. 27, 1977).</subfield></datafield><datafield ind1=" " ind2=" " tag="500"><subfield code="a">Issues for July 8-22, 1971 have at head of title: Reminder.</subfield></datafield><datafield ind1=" " ind2=" " tag="530"><subfield code="a">Also issued on microfilm from University of Oregon.</subfield></datafield><datafield ind1=" " ind2="0" tag="651"><subfield code="a">Eugene (Or.)</subfield><subfield code="v">Newspapers.</subfield></datafield><datafield ind1=" " ind2="7" tag="655"><subfield code="a">Newspapers.</subfield><subfield code="2">fast</subfield><subfield code="0">(OCoLC)fst01423814</subfield></datafield><datafield ind1=" " ind2="7" tag="651"><subfield code="a">Oregon</subfield><subfield code="z">Eugene.</subfield><subfield code="2">fast</subfield><subfield code="0">(OCoLC)fst01205922</subfield></datafield><datafield ind1=" " ind2=" " tag="752"><subfield code="a">United States</subfield><subfield code="b">Oregon</subfield><subfield code="c">Lane</subfield><subfield code="d">Eugene.</subfield></datafield><datafield ind1="0" ind2="0" tag="780"><subfield code="t">Reminder (Eugene, Or.)</subfield><subfield code="w">(DLC)sn 96088173</subfield></datafield><datafield ind1="0" ind2="0" tag="785"><subfield code="t">Valley news-tribune</subfield><subfield code="w">(DLC)sn 96088175</subfield></datafield></record>